@book{rudin,
  title={The elements of integration and Lebesgue},
  author={Robert G. Bartle},
  isbn={""},
  year={1995},
  publisher={John Wiley and Sons}
}
